@book{kallenberg2014leren,
  title={Leren (en) doceren in het hoger onderwijs},
  author={Kallenberg, Antonius Joseph and van der Grijspaarde, Linda and ter Braak, Astrid and Baars, Gerard Johannes Adriaan},
  year={2014},
  publisher={Boom Lemma Uitgevers},
  pages={417-420}
}

@book{bijkerk2015activerend,
  title={Activerend Opleiden: Didactiek Voor Resultaatgericht Beroepsonderwijs},
  author={Bijkerk, Lia and van der Heide, Wilma},
  year={2015},
  publisher={Bohn Stafleu van Loghum}
}

@article{schneiderVariables,
author = {Schneider, Michael and Preckel, Franzis},
year = {2017},
month = {05},
pages = {565-600},
title = {Variables Associated With Achievement in Higher Education: A Systematic Review of Meta-Analyses},
volume = {143},
booktitle = {Psychological Bulletin}
}

@article{luken2008mogelijkheid,
  title={De (on) mogelijkheid van nieuw leren en zelfsturing},
  author={Luken, Tom},
  journal={Loopbaanontwikkeling tussen oud en nieuw leren},
  pages={127--151},
  year={2008}
}

@book{hattie2008visible,
  title={Visible learning: A synthesis of over 800 meta-analyses relating to achievement},
  author={Hattie, John},
  year={2008},
  publisher={Routledge}
}

@book{speedboot,
  title={Joe {S}peedboot},
  author={Tommy Wieringa},
  year={2005},
  publisher={De Bezige Bij},
  pages={147},
  isbn={9789023428459}
}

@webpage{dunlosky2013,
  title={What works, what doesn't},
  author={Dunlosky, John and Rawson, Katherine A. and Marsh, Elizabeth J. and Nathan, Mitchell J. and Willingham, Daniel T.},
  year={2013},
  url={http://tguilfoyle.cmswiki.wikispaces.net/file/view/What_works,_What_doesn't.pdf}  
}

@article{methorstkaders,
  title={Kracht door kaders â€“ succesvol studenten begeleiden. Handreiking voor praktijkbegeleiders van (HBO) studenten},
  author={Methorst, Ron},
  year={2012},
  publisher={DAH Vilentum, Dronten}
}


@webpage{methorstslow,
  title={Slow Advice: de kracht van heldere wederzijdse verwachtingen. Methodiek om de koppeling te maken tussen studenten en praktijkvragen },
  author={Methorst, Ron},
  year={2009},
  publisher={DAH Vilentum, Dronten},
  url={http://edepot.wur.nl/247935}
}

@article{keursten2006ontwikkeling,
  title={Ontwikkeling van leren in organisaties: Van conditioneren naar samen construeren},
  author={Keursten, P},
  journal={Kessels and Smit, The Learning Company},
  pages={1--6},
  year={2006}
}

@article{lalley2007learning,
  title={The Learning Pyramid: Does It Point Teachers in the Right Direction?.},
  author={Lalley, James P and Miller, Robert H},
  journal={Education},
  volume={128},
  number={1},
  pages={64--79},
  year={2007},
  publisher={ERIC}
}

@article{korthagen2002niveaus,
  title={Niveaus in reflectie: naar maatwerk in begeleiding},
  author={Korthagen, Fred and Vasalos, Angelo},
  journal={VELON Tijdschrift voor lerarenopleiders},
  volume={23},
  number={1},
  pages={29--38},
  year={2002}
}

@book{baert2009interventies,
  title={Interventies in behandelgroepen},
  author={Baert, D and Beunens, L and Wolters, RJ},
  year={2009},
  publisher={Bohn Stafleu van Loghum}
}

@incollection{remmerswaal2015zijdeurinterventies,
  title={Zijdeurinterventies},
  author={Remmerswaal, Jan},
  booktitle={Begeleiden van groepen},
  pages={395--403},
  year={2015},
  publisher={Springer}
}

@book{syllabushan,
 title={Syllabus Toetsen en Beoordelen},
 subtitle={Toetsen maken volgens de toetscyclus},
 author={{Projectteam BKE/SKE}},
 year={2016}
}

@article{andrade2000using,
  title={Using rubrics to promote thinking and learning},
  author={Andrade, Heidi Goodrich},
  journal={Educational leadership},
  volume={57},
  number={5},
  pages={13--19},
  year={2000},
  publisher={Citeseer}
}

@article{andrade1997understanding,
  title={Understanding rubrics},
  author={Andrade, Heidi Goodrich},
  journal={Educational leadership},
  volume={54},
  number={4},
  pages={14--17},
  year={1997}
}


@article{thijs2009leerplan,
  title={Leerplan in ontwikkeling},
  author={Thijs, Annette and van den Akker, Jan},
  year={2009},
  publisher={SLO}
}


@article{dochy2015high,
  title={High impact learning anno 2022: model voor de toekomst--Over aanpak en sturing},
  author={Dochy, Door Filip},
  journal={Retrieved February},
  volume={9},
  pages={2016},
  year={2015}
}


@webpage{leerpiramidebales,
  title={De leerpiramide van Bales},
  author={Volwassen Leren},
  year={2017},
  url={http://volwassenenleren.nl/de-leerpiramide-van-bales/}
}